00100000         2975464130001080023538450014       0001910000000529281 ALPHA SECURITY BENS VEICULARESBANCO DO BRASIL                         20212201602485400247603000000442917220PROCESSAMEN                                                 
00100011T0100020 20975464130001080023538450014       0001910000000529281 ALPHA SECURITY BENS VEICULARES                                                                                000000000212201600000000  000000000                      
0010001300001T 060001910000000529281 23538450000008774   1               00000000000000000012000341002910                         0900000000000010000000000000000000000000000000000000000   000000000000000000000090000        180192353845     
0010001300002U 060000000000000000000000000000000000000000000000000000000000000000000000120000000000000111000000000000000000000000000000000212201605122016            000000000000000                              000                           
0010001300003T 060001910000000529281 23538450000009059   1               00000000000000000011000104000690                         0900000000000010000000000000000000000000000000000000000   000000000000000000000090000        180192353845     
0010001300004U 060000000000000000000000000000000000000000000000000000000000000000000000110000000000000101000000000000000000000000000000000212201605122016            000000000000000                              000                           
0010001300005T 060001910000000529281 23538450000009463   1               00000000000000000011000001000191                         0900000000000010000000000000000000000000000000000000000   000000000000000000000090000        180192353845     
0010001300006U 060000000000000830000000000000000000000000000000000000000000000000000000110830000000000101830000000000000000000000000000000212201605122016            000000000000000                              000                           
0010001300007T 060001910000000529281 23538450000009613   1               00000000000000000012000001000191                         0900000000000010000000000000000000000000000000000000000   000000000000000000000090000        180192353845     
0010001300008U 060000000000000000000000000000000000000000000000000000000000000000000000120000000000000111000000000000000000000000000000000212201605122016            000000000000000                              000                           
0010001300009T 060001910000000529281 23538450000009647   1               00000000000000000012000104008000                         0900000000000010000000000000000000000000000000000000000   000000000000000000000090000        180192353845     
0010001300010U 060000000000000000000000000000000000000000000000000000000000000000000000120000000000000111000000000000000000000000000000000212201605122016            000000000000000                              000                           
0010001300011T 060001910000000529281 23538450000010789   1               00000000000000000012000104032030                         0900000000000010000000000000000000000000000000000000000   000000000000000000000090000        180192353845     
0010001300012U 060000000000000000000000000000000000000000000000000000000000000000000000120000000000000111000000000000000000000000000000000212201605122016            000000000000000                              000                           
0010001300013T 060001910000000529281 23538450000012747   1               00000000000000000011000104032030                         0900000000000010000000000000000000000000000000000000000   000000000000000000000090000        180192353845     
0010001300014U 060000000000000000000000000000000000000000000000000000000000000000000000110000000000000101000000000000000000000000000000000212201605122016            000000000000000                              000                           
0010001300015T 060001910000000529281 23538450000014058   1               00000000000000000012000104000690                         0900000000000010000000000000000000000000000000000000000   000000000000000000000090000        180192353845     
0010001300016U 060000000000000000000000000000000000000000000000000000000000000000000000120000000000000111000000000000000000000000000000000212201605122016            000000000000000                              000                           
0010001300017T 060001910000000529281 23538450000014910   1               00000000000000000011000104032030                         0900000000000010000000000000000000000000000000000000000   000000000000000000000090000        180192353845     
0010001300018U 060000000000000000000000000000000000000000000000000000000000000000000000110000000000000101000000000000000000000000000000000212201605122016            000000000000000                              000                           
0010001300019T 060001910000000529281 23538450000014953   1               00000000000000000016000033031500                         0900000000000010000000000000000000000000000000000000000   000000000000000000000090000        180192353845     
0010001300020U 060000000000000000000000000000000000000000000000000000000000000000000000160000000000000151000000000000000000000000000000000212201605122016            000000000000000                              000                           
0010001300021T 060001910000000529281 23538450000014961   1               00000000000000000012000001031925                         0900000000000010000000000000000000000000000000000000000   000000000000000000000090000        180192353845     
0010001300022U 060000000000000000000000000000000000000000000000000000000000000000000000120000000000000111000000000000000000000000000000000212201605122016            000000000000000                              000                           
0010001300023T 060001910000000529281 23538450000015032   1               00000000000000000012000001000191                         0900000000000010000000000000000000000000000000000000000   000000000000000000000090000        180192353845     
0010001300024U 060000000000000000000000000000000000000000000000000000000000000000000000120000000000000111000000000000000000000000000000000212201605122016            000000000000000                              000                           
00100015         000026000000000000000000000000000000000000000000000000000000000000000000000000000000000000000000000000000000000000000000000000000                                                                                              
00199999         000001000028000000                                                                                                                                                            00000000000000000000000000000                    
