75600000         212345678000199                    0222200000003333333 TESTE QUALQUER LTDA           SICOOB                                  11312201516340813981608100000                    REMESSA-PRODUCAO                                 
75600011R01  040 2012345678000199                    0222200000003333333 TESTE QUALQUER LTDA                                                                                           001398161312201500000000                                 
7560001300001P 010222200000003333333 000001000901011     10 201000           2010201500000000010000000000 01N131220151211020150000000000000070000000000000000000000000000000000000000000000000000000                        3002   090000000000 
7560001300002Q 011000092271972493Fabio F S                               rua qualquer lugar, S/N                 Centro         55555333Sao Paulo      SP0000000000000000                                        000                            
7560001300003P 010222200000003333333 000001001602011     10 201001           2110201500000000010010000000 01N131220151221020150000000000000070000000000000000000000000000000000000000000000000000001                        3002   090000000000 
7560001300004Q 011000092271972493Fabio F S                               rua qualquer lugar, S/N                 Centro         55555333Sao Paulo      SP0000000000000000                                        000                            
7560001300005P 010222200000003333333 000001002303011     10 201002           2210201500000000010020000000 01N131220151231020150000000000000070000000000000000000000000000000000000000000000000000002                        3002   090000000000 
7560001300006Q 011000092271972493Fabio F S                               rua qualquer lugar, S/N                 Centro         55555333Sao Paulo      SP0000000000000000                                        000                            
7560001300007P 010222200000003333333 000001003001011     10 201003           2310201500000000010030000000 01N131220151241020150000000000000070000000000000000000000000000000000000000000000000000003                        3002   090000000000 
7560001300008Q 011000092271972493Fabio F S                               rua qualquer lugar, S/N                 Centro         55555333Sao Paulo      SP0000000000000000                                        000                            
7560001300009P 010222200000003333333 000001004802011     10 201004           2410201500000000010040000000 01N131220151251020150000000000000070000000000000000000000000000000000000000000000000000004                        3002   090000000000 
7560001300010Q 011000092271972493Fabio F S                               rua qualquer lugar, S/N                 Centro         55555333Sao Paulo      SP0000000000000000                                        000                            
7560001300011P 010222200000003333333 000001005503011     10 201005           2510201500000000010050000000 01N131220151261020150000000000000070000000000000000000000000000000000000000000000000000005                        3002   090000000000 
7560001300012Q 011000092271972493Fabio F S                               rua qualquer lugar, S/N                 Centro         55555333Sao Paulo      SP0000000000000000                                        000                            
7560001300013P 010222200000003333333 000001006201011     10 201006           2610201500000000010060000000 01N131220151271020150000000000000070000000000000000000000000000000000000000000000000000006                        3002   090000000000 
7560001300014Q 011000092271972493Fabio F S                               rua qualquer lugar, S/N                 Centro         55555333Sao Paulo      SP0000000000000000                                        000                            
7560001300015P 010222200000003333333 000001007002011     10 201007           2710201500000000010070000000 01N131220151281020150000000000000070000000000000000000000000000000000000000000000000000007                        3002   090000000000 
7560001300016Q 011000092271972493Fabio F S                               rua qualquer lugar, S/N                 Centro         55555333Sao Paulo      SP0000000000000000                                        000                            
7560001300017P 010222200000003333333 000001008703011     10 201008           2810201500000000010080000000 01N131220151291020150000000000000070000000000000000000000000000000000000000000000000000008                        3002   090000000000 
7560001300018Q 011000092271972493Fabio F S                               rua qualquer lugar, S/N                 Centro         55555333Sao Paulo      SP0000000000000000                                        000                            
7560001300019P 010222200000003333333 000001009401011     10 201009           2910201500000000010090000000 01N131220151301020150000000000000070000000000000000000000000000000000000000000000000000009                        3002   090000000000 
7560001300020Q 011000092271972493Fabio F S                               rua qualquer lugar, S/N                 Centro         55555333Sao Paulo      SP0000000000000000                                        000                            
75600015         00002200001000000000001004500000000000000000000000000000000000000000000000000000000000000000000000                                                                                                                             
75699999         000001000024000000                                                                                                                                                                                                             
