01REMESSA01COBRANCA       1094388083264000105                               748SICREDI        20160225        141597                                                                                                                                                                                                                                                                                  2.00000001
1AAA            AAA                            152010004      20151213 N B0000    00000000000000            0000000010002010150000000100000         AN131215000000000000000001312150000000000000000000000000000000000000001000092271972493FABIO F S                               RUA QUALQUER LUGAR, S/N                 00000000000 555553330000000000000000000                                         000002
1AAA            AAA                            152010012      20151213 N B0000    00000001000000            0000000010012110150000000100100         AN131215000000000000000001312150000000000000000000000000000000000000001000092271972493FABIO F S                               RUA QUALQUER LUGAR, S/N                 00000000000 555553330000000000000000000                                         000003
1AAA            AAA                            152010020      20151213 N B0000    00000002000000            0000000010022210150000000100200         AN131215000000000000000001312150000000000000000000000000000000000000001000092271972493FABIO F S                               RUA QUALQUER LUGAR, S/N                 00000000000 555553330000000000000000000                                         000004
1AAA            AAA                            152010039      20151213 N B0000    00000003000000            0000000010032310150000000100300         AN131215000000000000000001312150000000000000000000000000000000000000001000092271972493FABIO F S                               RUA QUALQUER LUGAR, S/N                 00000000000 555553330000000000000000000                                         000005
1AAA            AAA                            152010047      20151213 N B0000    00000004000000            0000000010042410150000000100400         AN131215000000000000000001312150000000000000000000000000000000000000001000092271972493FABIO F S                               RUA QUALQUER LUGAR, S/N                 00000000000 555553330000000000000000000                                         000006
1AAA            AAA                            152010055      20151213 N B0000    00000005000000            0000000010052510150000000100500         AN131215000000000000000001312150000000000000000000000000000000000000001000092271972493FABIO F S                               RUA QUALQUER LUGAR, S/N                 00000000000 555553330000000000000000000                                         000007
1AAA            AAA                            152010063      20151213 N B0000    00000006000000            0000000010062610150000000100600         AN131215000000000000000001312150000000000000000000000000000000000000001000092271972493FABIO F S                               RUA QUALQUER LUGAR, S/N                 00000000000 555553330000000000000000000                                         000008
1AAA            AAA                            152010071      20151213 N B0000    00000007000000            0000000010072710150000000100700         AN131215000000000000000001312150000000000000000000000000000000000000001000092271972493FABIO F S                               RUA QUALQUER LUGAR, S/N                 00000000000 555553330000000000000000000                                         000009
1AAA            AAA                            152010080      20151213 N B0000    00000008000000            0000000010082810150000000100800         AN131215000000000000000001312150000000000000000000000000000000000000001000092271972493FABIO F S                               RUA QUALQUER LUGAR, S/N                 00000000000 555553330000000000000000000                                         000010
1AAA            AAA                            152010098      20151213 N B0000    00000009000000            0000000010092910150000000100900         AN131215000000000000000001312150000000000000000000000000000000000000001000092271972493FABIO F S                               RUA QUALQUER LUGAR, S/N                 00000000000 555553330000000000000000000                                         000011
9174810943                                                                                                                                                                                                                                                                                                                                                                                                000012
