01REMESSA01COBRANCA       33333334892001304444TESTE QUALQUER LTDA           033SANTANDER      1312150000000000000000                                                                                                                                                                                                                                                                                   000000001
1028808326400010533333334892001304444000000000000000000222222000010006000000 40003000000000000000    000000501000000000020101500000001000000330123401N131215000000000000006671312150000000000000000000000000000000000000000100092271972493FABIO F S                               RUA QUALQUER LUGAR, S/N                 CENTRO      55555333SAO PAULO      SPAVALISTA                       I78      00 000002
1028808326400010533333334892001304444000000000000000000222222000010014000000 40003000000000000000    000000501000000000121101500000001001000330123401N13121500000000000000667131215000000000-100000000000010000000000001000100092271972493FABIO F S                               RUA QUALQUER LUGAR, S/N                 CENTRO      55555333SAO PAULO      SPAVALISTA                       I78      00 000003
1028808326400010533333334892001304444000000000000000000222222000010022000000 40003000000000000000    000000501000000000222101500000001002000330123401N13121500000000000000668131215000000000-200000000000020000000000002000100092271972493FABIO F S                               RUA QUALQUER LUGAR, S/N                 CENTRO      55555333SAO PAULO      SPAVALISTA                       I78      00 000004
1028808326400010533333334892001304444000000000000000000222222000010030000000 40003000000000000000    000000501000000000323101500000001003000330123401N13121500000000000000669131215000000000-300000000000030000000000003000100092271972493FABIO F S                               RUA QUALQUER LUGAR, S/N                 CENTRO      55555333SAO PAULO      SPAVALISTA                       I78      00 000005
1028808326400010533333334892001304444000000000000000000222222000010049000000 40003000000000000000    000000501000000000424101500000001004000330123401N13121500000000000000669131215000000000-400000000000040000000000004000100092271972493FABIO F S                               RUA QUALQUER LUGAR, S/N                 CENTRO      55555333SAO PAULO      SPAVALISTA                       I78      00 000006
1028808326400010533333334892001304444000000000000000000222222000010057000000 40003000000000000000    000000501000000000525101500000001005000330123401N13121500000000000000670131215000000000-500000000000050000000000005000100092271972493FABIO F S                               RUA QUALQUER LUGAR, S/N                 CENTRO      55555333SAO PAULO      SPAVALISTA                       I78      00 000007
1028808326400010533333334892001304444000000000000000000222222000010065000000 40003000000000000000    000000501000000000626101500000001006000330123401N13121500000000000000671131215000000000-600000000000060000000000006000100092271972493FABIO F S                               RUA QUALQUER LUGAR, S/N                 CENTRO      55555333SAO PAULO      SPAVALISTA                       I78      00 000008
1028808326400010533333334892001304444000000000000000000222222000010073000000 40003000000000000000    000000501000000000727101500000001007000330123401N13121500000000000000671131215000000000-700000000000070000000000007000100092271972493FABIO F S                               RUA QUALQUER LUGAR, S/N                 CENTRO      55555333SAO PAULO      SPAVALISTA                       I78      00 000009
1028808326400010533333334892001304444000000000000000000222222000010081000000 40003000000000000000    000000501000000000828101500000001008000330123401N13121500000000000000672131215000000000-800000000000080000000000008000100092271972493FABIO F S                               RUA QUALQUER LUGAR, S/N                 CENTRO      55555333SAO PAULO      SPAVALISTA                       I78      00 000010
1028808326400010533333334892001304444000000000000000000222222000010090000000 40003000000000000000    000000501000000000929101500000001009000330123401N13121500000000000000673131215000000000-900000000000090000000000009000100092271972493FABIO F S                               RUA QUALQUER LUGAR, S/N                 CENTRO      55555333SAO PAULO      SPAVALISTA                       I78      00 000011
9000010000000100450000000000000000000000000000000000000000000000000000000000000000000000000000000000000000000000000000000000000000000000000000000000000000000000000000000000000000000000000000000000000000000000000000000000000000000000000000000000000000000000000000000000000000000000000000000000000000000000000000000000000000000000000000000000000000000000000000000000000000000000000000000000000000000012
