01REMESSA01COBRANCA       5555512345678000199                               748SICREDI        20151213        0001234                                                                                                                                                                                                                                                                                 2.00000001
1AAA            AAA                            172010002      20151213 N B0000    00000000000000            0000000010002010150000000100000         AN131215000000000000000001312150000000000000000000000000000000000000001000092271972493FABIO F S                               RUA QUALQUER LUGAR S/N, 2 A             00000000000 555553330000000000000000000                                         000002
1AAA            AAA                            172010010      20151213 N B0000    00000001000000            0000000010012110150000000100100         AN131215000000000000000001312150000000000000000000000000000000000000001000092271972493FABIO F S                               RUA QUALQUER LUGAR S/N, 2 A             00000000000 555553330000000000000000000                                         000003
1AAA            AAA                            172010029      20151213 N B0000    00000002000000            0000000010022210150000000100200         AN131215000000000000000001312150000000000000000000000000000000000000001000092271972493FABIO F S                               RUA QUALQUER LUGAR S/N, 2 A             00000000000 555553330000000000000000000                                         000004
1AAA            AAA                            172010037      20151213 N B0000    00000003000000            0000000010032310150000000100300         AN131215000000000000000001312150000000000000000000000000000000000000001000092271972493FABIO F S                               RUA QUALQUER LUGAR S/N, 2 A             00000000000 555553330000000000000000000                                         000005
1AAA            AAA                            172010045      20151213 N B0000    00000004000000            0000000010042410150000000100400         AN131215000000000000000001312150000000000000000000000000000000000000001000092271972493FABIO F S                               RUA QUALQUER LUGAR S/N, 2 A             00000000000 555553330000000000000000000                                         000006
1AAA            AAA                            172010053      20151213 N B0000    00000005000000            0000000010052510150000000100500         AN131215000000000000000001312150000000000000000000000000000000000000001000092271972493FABIO F S                               RUA QUALQUER LUGAR S/N, 2 A             00000000000 555553330000000000000000000                                         000007
1AAA            AAA                            172010061      20151213 N B0000    00000006000000            0000000010062610150000000100600         AN131215000000000000000001312150000000000000000000000000000000000000001000092271972493FABIO F S                               RUA QUALQUER LUGAR S/N, 2 A             00000000000 555553330000000000000000000                                         000008
1AAA            AAA                            172010070      20151213 N B0000    00000007000000            0000000010072710150000000100700         AN131215000000000000000001312150000000000000000000000000000000000000001000092271972493FABIO F S                               RUA QUALQUER LUGAR S/N, 2 A             00000000000 555553330000000000000000000                                         000009
1AAA            AAA                            172010088      20151213 N B0000    00000008000000            0000000010082810150000000100800         AN131215000000000000000001312150000000000000000000000000000000000000001000092271972493FABIO F S                               RUA QUALQUER LUGAR S/N, 2 A             00000000000 555553330000000000000000000                                         000010
1AAA            AAA                            172010096      20151213 N B0000    00000009000000            0000000010092910150000000100900         AN131215000000000000000001312150000000000000000000000000000000000000001000092271972493FABIO F S                               RUA QUALQUER LUGAR S/N, 2 A             00000000000 555553330000000000000000000                                         000011
9174855555                                                                                                                                                                                                                                                                                                                                                                                                000012
