01REMESSA01COBRANCA       00000000000001111111                              237BRADESCO       131215        MX0139800                                                                                                                                                                                                                                                                                     000001
100000000000000000000009015100001466400000000000000000000000000002000300000001000900000000002S           0  01000000100020101500000001000000000000001N131215000000000000006670000000000000000000000000000000000000000000000100092271972493FABIO F S                               RUA QUALQUER LUGAR S/N, 2 A                         55555333AVALISTA                                                    000002
2TODAS AS INFORMACOES DESTE BLOQUETO SAO DE EXCLUSIVA RESPONSABILIDADE DO CEDENTE                                                                                                                                                                                                                                                00000000000000000000000000000000000000       0090151000014664000000010009000003
100000000000000000000009015100001466400000000000000000000000010002000300000001001700000000002S           0  01000000100121101500000001001000000000001N131215000000000000006671312150000000000100000000000000000000000001000100092271972493FABIO F S                               RUA QUALQUER LUGAR S/N, 2 A                         55555333AVALISTA                                                    000004
2TODAS AS INFORMACOES DESTE BLOQUETO SAO DE EXCLUSIVA RESPONSABILIDADE DO CEDENTE                                                                                                                                                                                                                                                00000000000000000000000000000000000000       0090151000014664000000010017000005
100000000000000000000009015100001466400000000000000000000000020002000300000001002500000000002S           0  01000000100222101500000001002000000000001N131215000000000000006681312150000000000200000000000000000000000002000100092271972493FABIO F S                               RUA QUALQUER LUGAR S/N, 2 A                         55555333AVALISTA                                                    000006
2TODAS AS INFORMACOES DESTE BLOQUETO SAO DE EXCLUSIVA RESPONSABILIDADE DO CEDENTE                                                                                                                                                                                                                                                00000000000000000000000000000000000000       0090151000014664000000010025000007
100000000000000000000009015100001466400000000000000000000000030002000300000001003300000000002S           0  01000000100323101500000001003000000000001N131215000000000000006691312150000000000300000000000000000000000003000100092271972493FABIO F S                               RUA QUALQUER LUGAR S/N, 2 A                         55555333AVALISTA                                                    000008
2TODAS AS INFORMACOES DESTE BLOQUETO SAO DE EXCLUSIVA RESPONSABILIDADE DO CEDENTE                                                                                                                                                                                                                                                00000000000000000000000000000000000000       0090151000014664000000010033000009
100000000000000000000009015100001466400000000000000000000000040002000300000001004100000000002S           0  01000000100424101500000001004000000000001N131215000000000000006691312150000000000400000000000000000000000004000100092271972493FABIO F S                               RUA QUALQUER LUGAR S/N, 2 A                         55555333AVALISTA                                                    000010
2TODAS AS INFORMACOES DESTE BLOQUETO SAO DE EXCLUSIVA RESPONSABILIDADE DO CEDENTE                                                                                                                                                                                                                                                00000000000000000000000000000000000000       0090151000014664000000010041000011
100000000000000000000009015100001466400000000000000000000000050002000300000001005P00000000002S           0  01000000100525101500000001005000000000001N131215000000000000006701312150000000000500000000000000000000000005000100092271972493FABIO F S                               RUA QUALQUER LUGAR S/N, 2 A                         55555333AVALISTA                                                    000012
2TODAS AS INFORMACOES DESTE BLOQUETO SAO DE EXCLUSIVA RESPONSABILIDADE DO CEDENTE                                                                                                                                                                                                                                                00000000000000000000000000000000000000       009015100001466400000001005P000013
100000000000000000000009015100001466400000000000000000000000060002000300000001006800000000002S           0  01000000100626101500000001006000000000001N131215000000000000006711312150000000000600000000000000000000000006000100092271972493FABIO F S                               RUA QUALQUER LUGAR S/N, 2 A                         55555333AVALISTA                                                    000014
2TODAS AS INFORMACOES DESTE BLOQUETO SAO DE EXCLUSIVA RESPONSABILIDADE DO CEDENTE                                                                                                                                                                                                                                                00000000000000000000000000000000000000       0090151000014664000000010068000015
100000000000000000000009015100001466400000000000000000000000070002000300000001007600000000002S           0  01000000100727101500000001007000000000001N131215000000000000006711312150000000000700000000000000000000000007000100092271972493FABIO F S                               RUA QUALQUER LUGAR S/N, 2 A                         55555333AVALISTA                                                    000016
2TODAS AS INFORMACOES DESTE BLOQUETO SAO DE EXCLUSIVA RESPONSABILIDADE DO CEDENTE                                                                                                                                                                                                                                                00000000000000000000000000000000000000       0090151000014664000000010076000017
100000000000000000000009015100001466400000000000000000000000080002000300000001008400000000002S           0  01000000100828101500000001008000000000001N131215000000000000006721312150000000000800000000000000000000000008000100092271972493FABIO F S                               RUA QUALQUER LUGAR S/N, 2 A                         55555333AVALISTA                                                    000018
2TODAS AS INFORMACOES DESTE BLOQUETO SAO DE EXCLUSIVA RESPONSABILIDADE DO CEDENTE                                                                                                                                                                                                                                                00000000000000000000000000000000000000       0090151000014664000000010084000019
100000000000000000000009015100001466400000000000000000000000090002000300000001009200000000002S           0  01000000100929101500000001009000000000001N131215000000000000006731312150000000000900000000000000000000000009000100092271972493FABIO F S                               RUA QUALQUER LUGAR S/N, 2 A                         55555333AVALISTA                                                    000020
2TODAS AS INFORMACOES DESTE BLOQUETO SAO DE EXCLUSIVA RESPONSABILIDADE DO CEDENTE                                                                                                                                                                                                                                                00000000000000000000000000000000000000       0090151000014664000000010092000021
9                                                                                                                                                                                                                                                                                                                                                                                                         000022
