10400000         2037729080001010000000000000000000000566561365100000000AG CONSTRUTORA LTDA           C ECON FEDERAL                          21609201601335100016604000000                    RETORNO-PRODUCAO                  000            
10400011T0100030 20037729080001010000000000000000000000566561365100000000AG CONSTRUTORA LTDA                                                                                           00000166160920160000000000                          00   
1040001300001T 060000006136510000000   240000000000004778100000000000000010092016000000000070799104034190000000000000000          090000000000000000                                                  000000000000590020102                     
1040001300002U 06000000000000000000000000000000000000000000000000000000000000000000000070799000000000070799000000000000000000000000000000120920162009201600002009201600000000000000000000000000000000000000000000000000000000000000000000       
10400015         00000400000000000000000000000000000000000000000000000000000000000000000000000000000000000000000000                                                                                                                             
10499999         000001000006                                                                                                                                                                                                                   
