02RETORNO01COBRANCA       009200671965        UNIVERSAL AS C FIS SC LTDA    341BANCO ITAU S.A.07111601600BPI02241081116                                                                                                                                                                                                                                                                                   000001
10269120210000110009200671965                                 00027278            109000272780             I0207111627278     00027278            10111600000000766803410017401000000000000000000000000000000000000000000000000000000000000000000000000000000000000000000000000000001510000000000000         00000000000000000000000PAULO LIN - ME                                                        000002
10269120210000110009200671965                                 00027279            109000272798             I0207111627279     00027279            05111600000006582003412861301000000000000000000000000000000000000000000000000000000000000000000000000000000000000000000000000000012940000000000000         00000000000000000000000POLLET ADVOGADOS ASSOCIADOS                                           000003
10269120210000110009200671965                                 00027280            109000272806             I0207111627280     00027280            05111600000000660003410017401000000000000000000000000000000000000000000000000000000000000000000000000000000000000000000000000000001300000000000000         00000000000000000000000MRN NAPOLI TRANSPORTES E LOGIS                                        000004
10269120210000110009200671965                                 00026899            109000268994             I06071116          00026899            000000000000002400034143208  000000000020000000000000000000000000000000000000000000000000000000000000000000000000002380000000000000000000000000000   08111600000000000000000000000                                                                    B3000005
10269120210000110009200671965                                 00027230            109000272301             I06071116          00027230            000000000000031271434137994  000000000020000000000000000000000000000000000000000000000000000000000000000000000000031251400000000000000000000000000   08111600000000000000000000000                                                                    BL000006
10269120210000110009200671965                                 00027233            109000272335             I06071116          00027233            000000000000004400034162554  000000000020000000000000000000000000000000000000000000000000000000000000000000000000004380000000000000000000000000000   08111600000000000000000000000                                                                    BL000007
10269120210000110009200671965                                 00027251            109000272517             I06071116          00027251            000000000000013200034143208  000000000020000000000000000000000000000000000000000000000000000000000000000000000000013180000000000000000000000000000   08111600000000000000000000000                                                                    B1000008
10269120210000110009200671965                                 00027253            109000272533             I06071116          00027253            000000000000004400034143208  000000000020000000000000000000000000000000000000000000000000000000000000000000000000004380000000000000000000000000000   08111600000000000000000000000                                                                    B3000009
10269120210000110009200671965                                 00027254            109000272541             I06071116          00027254            000000000000036243434143208  000000000020000000000000000000000000000000000000000000000000000000000000000000000000036223400000000000000000000000000   08111600000000000000000000000                                                                    B3000010
10269120210000110009200671965                                 00027255            109000272558             I06071116          00027255            000000000000031230034143208  000000000020000000000000000000000000000000000000000000000000000000000000000000000000031210000000000000000000000000000   08111600000000000000000000000                                                                    B1000011
10269120210000110009200671965                                 00027257            109000272574             I06071116          00027257            000000000000030110034131609  000000000020000000000000000000000000000000000000000000000000000000000000000000000000030090000000000000000000000000000   08111600000000000000000000000                                                                    BL000012
10269120210000110009200671965                                 00027258            109000272582             I06071116          00027258            000000000000118344134143208  000000000020000000000000000000000000000000000000000000000000000000000000000000000000118324100000000000000000000000000   08111600000000000000000000000                                                                    B3000013
10269120210000110009200671965                                 00027261            109000272616             I06071116          00027261            000000000000005370034187221  000000000020000000000000000000000000000000000000000000000000000000000000000000000000005350000000000000000000000000000   08111600000000000000000000000                                                                    BL000014
10269120210000110009200671965                                 00027262            109000272624             I06071116          00027262            000000000000007010034116691  000000000020000000000000000000000000000000000000000000000000000000000000000000000000006990000000000000000000000000000   08111600000000000000000000000                                                                    Q0000015
10269120210000110009200671965                                 00027264            109000272640             I06071116          00027264            000000000000065896834143208  000000000020000000000000000000000000000000000000000000000000000000000000000000000000065876800000000000000000000000000   08111600000000000000000000000                                                                    B3000016
10269120210000110009200671965                                 00027265            109000272657             I06071116          00027265            000000000000009081034116238  000000000020000000000000000000000000000000000000000000000000000000000000000000000000009061000000000000000000000000000   08111600000000000000000000000                                                                    BL000017
10269120210000110009200671965                                 00027267            109000272673             I06071116          00027267            000000000000024481534182487  000000000020000000000000000000000000000000000000000000000000000000000000000000000000024461500000000000000000000000000   08111600000000000000000000000                                                                    BL000018
10269120210000110009200671965                                 00027269            109000272699             I06071116          00027269            000000000000003300034143208  000000000020000000000000000000000000000000000000000000000000000000000000000000000000003280000000000000000000000000000   08111600000000000000000000000                                                                    B3000019
10269120210000110009200671965                                 00027274            109000272749             I06071116          00027274            000000000000004400034143208  000000000020000000000000000000000000000000000000000000000000000000000000000000000000004380000000000000000000000000000   08111600000000000000000000000                                                                    B3000020
10269120210000110009200671965                                 00027278            109000272780             I0607111627278     00027278            10111600000000766803414320801000000000020000000000000000000000000000000000000000000000000000000000000000000000000007648000000000000000000000000000   08111600000000000000000000000PAULO LIN - ME                                                      B3000021
10269120210000110009200671965                                 00027288            109000272889             I06071116          00027288            000000000000006600034143208  000000000020000000000000000000000000000000000000000000000000000000000000000000000000006580000000000000000000000000000   08111600000000000000000000000                                                                    B1000022
10269120210000110009200671965                                 00027289            109000272897             I06071116          00027289            000000000000013200034143208  000000000020000000000000000000000000000000000000000000000000000000000000000000000000013180000000000000000000000000000   08111600000000000000000000000                                                                    B3000023
10269120210000110009200671965                                 00027294            109000272947             I06071116          00027294            000000000000014823434100687  000000000020000000000000000000000000000000000000000000000000000000000000000000000000014803400000000000000000000000000   08111600000000000000000000000                                                                    CP000024
10269120210000110009200671965                                 00027310            109000273101             I06071116          00027310            000000000000021639434143208  000000000020000000000000000000000000000000000000000000000000000000000000000000000000021619400000000000000000000000000   08111600000000000000000000000                                                                    B3000025
10269120210000110009200671965                                 00027319            109000273192             I06071116          00027319            000000000000004170034143208  000000000020000000000000000000000000000000000000000000000000000000000000000000000000004150000000000000000000000000000   08111600000000000000000000000                                                                    B2000026
10269120210000110009200671965                                 00027371            109000273713             I06071116          00027371            000000000000004400034143208  000000000020000000000000000000000000000000000000000000000000000000000000000000000000004380000000000000000000000000000   08111600000000000000000000000                                                                    B1000027
10269120210000110009200671965                                 00027395            109000273952             I06071116          00027395            000000000000009986834143208  000000000020000000000000000000000000000000000000000000000000000000000000000000000000009966800000000000000000000000000   08111600000000000000000000000                                                                    B1000028
10269120210000110009200671965                                 00027402            109000274026             I06071116          00027402            000000000000001980034143208  000000000020000000000000000000000000000000000000000000000000000000000000000000000000001960000000000000000000000000000   08111600000000000000000000000                                                                    B1000029
10269120210000110009200671965                                 00027414            109000274141             I06071116          00027414            000000000000007803934182552  000000000020000000000000000000000000000000000000000000000000000000000000000000000000007783900000000000000000000000000   08111600000000000000000000000                                                                    BL000030
10269120210000110009200671965                                 00027518            109000275189             I06071116          00027518            000000000000006600034130940  000000000020000000000000000000000000000000000000000000000000000000000000000000000000006580000000000000000000000000000   08111600000000000000000000000                                                                    AA000031
10258163817000160151700209779                                 00005618            109000056182             I06041116021       00005618            08111600000000421003414320816000000000048700000000000000000000000000000000000000000000000000000000000003000000000003861300000000000000000000000000   08111600000000000000000000000ABILIO GONCALVES DOS SANTOS                                         B5000032
10258163817000160151700209779                                 00005621            109000056216             I06041116031       00005621            08111600000000421003414320816000000000048700000000000000000000000000000000000000000000000000000000000003000000000003861300000000000000000000000000   08111600000000000000000000000ROSILDA SANTANA DE JESUS                                            B5000033
10258163817000160151700209779                                 00005626            109000056265             I06041116041       00005626            08111600000000421003414320816000000000048700000000000000000000000000000000000000000000000000000000000003000000000003861300000000000000000000000000   08111600000000000000000000000TOYOMI MIEDA                                                        B3000034
10258163817000160151700209779                                 00005638            109000056380             I06041116071       00005638            08111600000000421003414320816000000000048700000000000000000000000000000000000000000000000000000000000003000000000003861300000000000000000000000000   08111600000000000000000000000VALDECIR LEANDRO DA SILVA                                           B1000035
10258163817000160151700209779                                 00005642            109000056422             I06041116081       00005642            08111600000000421003414320816000000000048700000000000000000000000000000000000000000000000000000000000003000000000003861300000000000000000000000000   08111600000000000000000000000JOAQUIM JORGE O. DE OLIVEIRA                                        B5000036
10258163817000160151700209779                                 00005661            109000056612             I06041116124       00005661            08111600000000421003414320816000000000048700000000000000000000000000000000000000000000000000000000000003000000000003861300000000000000000000000000   08111600000000000000000000000TEREZINHA V. LUNARO                                                 B1000037
9201341          000000000000000000000000000000          000000000000000000000000000000                                                  000000000000000000000000000000          0000004300000002319200  08/11S022410000003600000005953577                                                                                                                                                                000038
