02RETORNO01COBRANCA       70123000012384000000YYYYYYYYYYYYYYYYYYYYYYYYY - ME001BANCO DO BRASIL0607170000275                      000000467514977741  2903268                                                                                                                                                                                                                                              000001
70000000000000000701220000742842903268                         2903268000008225070000000AI 01900000000000 170206071760                            06071700000000150000010636X010000000000000000000000000000000000000000000000000000000000000000000000000000000000000000000000000000000000000000000000000000000000000000000000000000000000000          0000000000000000000000000000000000000000000000001000000002
70000000000000000701220000742842903268                         2903268010002071770000400AI 01900000000000 17020607174010002071                    100717000000001200000103018010000000000000000000000000000000000000000000000000000000000000000000000000000000000000000000000000000000000000000000000000000000000000000000000000000000000000          0000000000000000000000000000000000000000000000001000000003
70000000000000000701220000742842903268                         2903268010004071770000400AI 01900000000000 17020607174010004071                    100717000000000800000103018010000000000000000000000000000000000000000000000000000000000000000000000000000000000000000000000000000000000000000000000000000000000000000000000000000000000000          0000000000000000000000000000000000000000000000001000000004
70000000000000000701220000742842903268                         2903268010007071770000400AI 01900000000000 17020607174010007071                    100717000000001500000106378010000000000000000000000000000000000000000000000000000000000000000000000000000000000000000000000000000000000000000000000000000000000000000000000000000000000000          0000000000000000000000000000000000000000000000001000000005
70000000000000000701220000742842903268                         2903268010009071770000400AI 01900000000000 17020607174010009071                    100717000000001000000103018010000000000000000000000000000000000000000000000000000000000000000000000000000000000000000000000000000000000000000000000000000000000000000000000000000000000000          0000000000000000000000000000000000000000000000001000000006
70000000000000000701220000742842903268XXXXXXXXXXXXXXXXXXX      2903268010063071870000101AI 01900000000000 170606071769                            070717000000003000034140990121007170000290000000000000000000000000000000000000000000000000000000000000000000000000030000000000000000000000000000000000000000000000000002971020000000000000          0000000000000000000000000000000000000000000000001010000024
70000000000000000701220000742842903268                         2903268010043071770000066AI 01900000000000 17030607174010043071                    10071700000000110000010000 010000000000000000000000000000000000000000000000000000000000000000000000000000000000000000000000000000000000000000000000000000000000000000000000000000000000000          0000000000000000000000000000000000000000000000000000000025
70000000000000000701220000742842903268                         2903268010049071770000066AI 01900000000000 17030607174010049071                    10071700000000110000010000 010000000000000000000000000000000000000000000000000000000000000000000000000000000000000000000000000000000000000000000000000000000000000000000000000000000000000          0000000000000000000000000000000000000000000000000000000026
9201001          000000210000000025000000000191          000000000000000000000000000000          000000000000000000000000000000          000000000000000000000000000000                                                  000000000000000000000000000000                                                                                                                                                   000027
