02RETORNO01COBRANCA       46434000192538000000A. J. DE ALMEIDA-REVISTA-ME   001BANCO DO BRASIL2511160000205                      000000340208497379  2846232                                                                                                                                                                                                                                              000001
70000000000000000464340001925382846232                         2846232000000134370000001AI 01900000000000 17062511160                             251116000000000000200146434012811160000385000000000000000000000000000000000000000000000000000000000000000000000000000200000000000019800000000000000000000000000000000000018510000000000000          0000000000000000000000000000000000000000000000001006000002
9201001          000000380000000186553600000135          000000000000000000000000000000          000000000000000000000000000000          000000000000000000000000000000                                                  000000000000000000000000000000                                                                                                                                                   000003
