02RETORNO01COBRANCA       4040810890888000139                               748BANSICREDI     20160425        0001188                                                                                                                                                                                                                                                                                 1.00000001
1            C0000000000                       152099690                                                    06220416          COMPE                     0000000009000                                                              00000000000000000000000000000000000900000000000000000000000000000                          H5        20160425                                                          000002
1            C0000000000                       152099690                                                    28220416          COMPE                     0000000000170                                                              00000000000000000000000000000000000900000000000000000000000000000                          B3        20160422                                                          000003
1            C0000000000                       162152039                                                    06220416          COMPE                     0000000015800                                                              00000000000000000000000000000000001580000000000000000000000000000                          H5        20160425                                                          000004
1            C0000000000                       162152039                                                    28220416          COMPE                     0000000000170                                                              00000000000000000000000000000000001580000000000000000000000000000                          B3        20160422                                                          000005
1            C0000000000                       162159122                                                    06220416          COMPE                     0000000003500                                                              00000000000000000000000000000000000350000000000000000000000000000                          H5        20160425                                                          000006
1            C0000000000                       162159122                                                    28220416          COMPE                     0000000000170                                                              00000000000000000000000000000000000350000000000000000000000000000                          B3        20160422                                                          000007
9274840408                                                                                                                                                                                                                                                                                                                                                                                                000008
