00100000         2975464130001080027926650014       0001910000000529281 ALPHA SECURITY BENS VEICULARESBANCO DO BRASIL                         20212201602485400024303000000442917220PROCESSAMEN                                                 
00100011T0100020 20975464130001080027926650014       0001910000000529281 ALPHA SECURITY BENS VEICULARES                                                                                000000000212201600000000  000000000                      
00100015         000002000000000000000000000000000000000000000000000000000000000000000000000000000000000000000000000000000000000000000000000000000                                                                                              
00199999         000001000004000000                                                                                                                                                            00000000000000000000000000000                    
