10400000         2880832640001050000000000000000000000123445593200000000TESTE QUALQUER LTDA           CAIXA ECONOMICA FEDERAL                 11312201516340813981605000000                    REMESSA-PRODUCAO                                 
10400011R0100030 20880832640001050000020000000000000000123445593200000000TESTE QUALQUER LTDA                                                                                           001398161312201500000000                                 
1040001300001P 010012344559320000000000014000000000001000112201000           2010201500000000010000000000 01N131220151211020150000000000000070000000000000000000000000000000000000000000000000000001000                     3002000090000000000 
1040001300002Q 011000092271972493Fabio F S                               rua qualquer lugar, S/N                 Centro         55555333Sao Paulo      SP0000000000000000                                                                       
1040001300003P 010012344559320000000000014000000000001001112201001           2110201500000000010010000000 01N131220151221020150000000000000070000000000000000000000000000000000000000000000000000001001                     3002000090000000000 
1040001300004Q 011000092271972493Fabio F S                               rua qualquer lugar, S/N                 Centro         55555333Sao Paulo      SP0000000000000000                                                                       
1040001300005P 010012344559320000000000014000000000001002112201002           2210201500000000010020000000 01N131220151231020150000000000000070000000000000000000000000000000000000000000000000000001002                     3002000090000000000 
1040001300006Q 011000092271972493Fabio F S                               rua qualquer lugar, S/N                 Centro         55555333Sao Paulo      SP0000000000000000                                                                       
1040001300007P 010012344559320000000000014000000000001003112201003           2310201500000000010030000000 01N131220151241020150000000000000070000000000000000000000000000000000000000000000000000001003                     3002000090000000000 
1040001300008Q 011000092271972493Fabio F S                               rua qualquer lugar, S/N                 Centro         55555333Sao Paulo      SP0000000000000000                                                                       
1040001300009P 010012344559320000000000014000000000001004112201004           2410201500000000010040000000 01N131220151251020150000000000000070000000000000000000000000000000000000000000000000000001004                     3002000090000000000 
1040001300010Q 011000092271972493Fabio F S                               rua qualquer lugar, S/N                 Centro         55555333Sao Paulo      SP0000000000000000                                                                       
1040001300011P 010012344559320000000000014000000000001005112201005           2510201500000000010050000000 01N131220151261020150000000000000070000000000000000000000000000000000000000000000000000001005                     3002000090000000000 
1040001300012Q 011000092271972493Fabio F S                               rua qualquer lugar, S/N                 Centro         55555333Sao Paulo      SP0000000000000000                                                                       
1040001300013P 010012344559320000000000014000000000001006112201006           2610201500000000010060000000 01N131220151271020150000000000000070000000000000000000000000000000000000000000000000000001006                     3002000090000000000 
1040001300014Q 011000092271972493Fabio F S                               rua qualquer lugar, S/N                 Centro         55555333Sao Paulo      SP0000000000000000                                                                       
1040001300015P 010012344559320000000000014000000000001007112201007           2710201500000000010070000000 01N131220151281020150000000000000070000000000000000000000000000000000000000000000000000001007                     3002000090000000000 
1040001300016Q 011000092271972493Fabio F S                               rua qualquer lugar, S/N                 Centro         55555333Sao Paulo      SP0000000000000000                                                                       
1040001300017P 010012344559320000000000014000000000001008112201008           2810201500000000010080000000 01N131220151291020150000000000000070000000000000000000000000000000000000000000000000000001008                     3002000090000000000 
1040001300018Q 011000092271972493Fabio F S                               rua qualquer lugar, S/N                 Centro         55555333Sao Paulo      SP0000000000000000                                                                       
1040001300019P 010012344559320000000000014000000000001009112201009           2910201500000000010090000000 01N131220151301020150000000000000070000000000000000000000000000000000000000000000000000001009                     3002000090000000000 
1040001300020Q 011000092271972493Fabio F S                               rua qualquer lugar, S/N                 Centro         55555333Sao Paulo      SP0000000000000000                                                                       
10400015         000022000010000000000010045000000000000000000000000000000000000000000000000                                                                                                                                                    
10499999         000001000024                                                                                                                                                                                                                   
