01REMESSA01COBRANCA       12345567856781000000TESTE QUALQUER LTDA           001BANCODOBRASIL  1606190144356                      0123456                                                                                                                                                                                                                                                                  000001
70288999222000133123455678567810123456                         123456123456010000000       0180000000     16011000      20101500000001000000010000 01N131215000000000000006671312150000000000000000000000000000000000000000100092271972493FABIO F S                               RUA QUALQUER LUGAR S/N, 2 A             CENTRO      55555333SAO PAULO      SP                                           000002
70288999222000133123455678567810123456                         123456123456010010000       0180000000     16011001      21101500000001001000010000 01N131215000000000000006671312150000000000100000000000000000000000000000100092271972493FABIO F S                               RUA QUALQUER LUGAR S/N, 2 A             CENTRO      55555333SAO PAULO      SP                                           000003
70288999222000133123455678567810123456                         123456123456010020000       0180000000     16011002      22101500000001002000010000 01N131215000000000000006681312150000000000200000000000000000000000000000100092271972493FABIO F S                               RUA QUALQUER LUGAR S/N, 2 A             CENTRO      55555333SAO PAULO      SP                                           000004
70288999222000133123455678567810123456                         123456123456010030000       0180000000     16011003      23101500000001003000010000 01N131215000000000000006691312150000000000300000000000000000000000000000100092271972493FABIO F S                               RUA QUALQUER LUGAR S/N, 2 A             CENTRO      55555333SAO PAULO      SP                                           000005
70288999222000133123455678567810123456                         123456123456010040000       0180000000     16011004      24101500000001004000010000 01N131215000000000000006691312150000000000400000000000000000000000000000100092271972493FABIO F S                               RUA QUALQUER LUGAR S/N, 2 A             CENTRO      55555333SAO PAULO      SP                                           000006
70288999222000133123455678567810123456                         123456123456010050000       0180000000     16011005      25101500000001005000010000 01N131215000000000000006701312150000000000500000000000000000000000000000100092271972493FABIO F S                               RUA QUALQUER LUGAR S/N, 2 A             CENTRO      55555333SAO PAULO      SP                                           000007
70288999222000133123455678567810123456                         123456123456010060000       0180000000     16011006      26101500000001006000010000 01N131215000000000000006711312150000000000600000000000000000000000000000100092271972493FABIO F S                               RUA QUALQUER LUGAR S/N, 2 A             CENTRO      55555333SAO PAULO      SP                                           000008
70288999222000133123455678567810123456                         123456123456010070000       0180000000     16011007      27101500000001007000010000 01N131215000000000000006711312150000000000700000000000000000000000000000100092271972493FABIO F S                               RUA QUALQUER LUGAR S/N, 2 A             CENTRO      55555333SAO PAULO      SP                                           000009
70288999222000133123455678567810123456                         123456123456010080000       0180000000     16011008      28101500000001008000010000 01N131215000000000000006721312150000000000800000000000000000000000000000100092271972493FABIO F S                               RUA QUALQUER LUGAR S/N, 2 A             CENTRO      55555333SAO PAULO      SP                                           000010
70288999222000133123455678567810123456                         123456123456010090000       0180000000     16011009      29101500000001009000010000 01N131215000000000000006731312150000000000900000000000000000000000000000100092271972493FABIO F S                               RUA QUALQUER LUGAR S/N, 2 A             CENTRO      55555333SAO PAULO      SP                                           000011
9                                                                                                                                                                                                                                                                                                                                                                                                         000012
