01REMESSA01COBRANCA       00006573315         TESTE QUALQUER LTDA           021BANESTES       230416                                                                                                                                                                                                                                                                                                      000001
1021234567800011200006573315                                  00001000640000000000      0000100000000000000100          20101500000001000000210000001N131215000000000000000001312150000000000000000000000000000000000000000100092271972493FABIO F S                               RUA QUALQUER LUGAR S/N, 2 A             CENTRO      55555333SAO PAULO      SPMENSAGEM A SER IMPRESSA...              000000002
1021234567800011200006573315         1                        00001001450000000000      0000100000000000000100          21101500000001001000210000001N131215000000000000000001312150000000000100000000000000000000000000000100092271972493FABIO F S                               RUA QUALQUER LUGAR S/N, 2 A             CENTRO      55555333SAO PAULO      SP                                        000000003
1021234567800011200006573315         2                        00001002260000000000      0000100000000000000100          22101500000001002000210000001N131215000000000000000001312150000000000200000000000000000000000000000100092271972493FABIO F S                               RUA QUALQUER LUGAR S/N, 2 A             CENTRO      55555333SAO PAULO      SP                                        000000004
1021234567800011200006573315         3                        00001003070000000000      0000100000000000000100          23101500000001003000210000001N131215000000000000000001312150000000000300000000000000000000000000000100092271972493FABIO F S                               RUA QUALQUER LUGAR S/N, 2 A             CENTRO      55555333SAO PAULO      SP                                        000000005
1021234567800011200006573315         4                        00001004980000000000      0000100000000000000100          24101500000001004000210000001N131215000000000000000001312150000000000400000000000000000000000000000100092271972493FABIO F S                               RUA QUALQUER LUGAR S/N, 2 A             CENTRO      55555333SAO PAULO      SP                                        000000006
1021234567800011200006573315         5                        00001005790000000000      0000100000000000000100          25101500000001005000210000001N131215000000000000000001312150000000000500000000000000000000000000000100092271972493FABIO F S                               RUA QUALQUER LUGAR S/N, 2 A             CENTRO      55555333SAO PAULO      SP                                        000000007
1021234567800011200006573315         6                        00001006500000000000      0000100000000000000100          26101500000001006000210000001N131215000000000000000001312150000000000600000000000000000000000000000100092271972493FABIO F S                               RUA QUALQUER LUGAR S/N, 2 A             CENTRO      55555333SAO PAULO      SP                                        000000008
1021234567800011200006573315         7                        00001007300000000000      0000100000000000000100          27101500000001007000210000001N131215000000000000000001312150000000000700000000000000000000000000000100092271972493FABIO F S                               RUA QUALQUER LUGAR S/N, 2 A             CENTRO      55555333SAO PAULO      SP                                        000000009
1021234567800011200006573315         8                        00001008110000000000      0000100000000000000100          28101500000001008000210000001N131215000000000000000001312150000000000800000000000000000000000000000100092271972493FABIO F S                               RUA QUALQUER LUGAR S/N, 2 A             CENTRO      55555333SAO PAULO      SP                                        000000010
1021234567800011200006573315         9                        00001009000000000000      0000100000000000000100          29101500000001009000210000001N131215000000000000000001312150000000000900000000000000000000000000000100092271972493FABIO F S                               RUA QUALQUER LUGAR S/N, 2 A             CENTRO      55555333SAO PAULO      SP                                        000000011
9                                                                                                                                                                                                                                                                                                                                                                                                         000012
