01REMESSA01COBRANCA       123400567890        TESTE QUALQUER LTDA           341BANCO ITAU SA  131215                                                                                                                                                                                                                                                                                                      000001
10288999222000133123400567890    0000                         000010000000000000000123                     I011000      20101500000001000000000000001N131215000000000000006671312150000000000000000000000000000000000000000100092271972493FABIO F S                               RUA QUALQUER LUGAR, S/N                 CENTRO      555553332 SAO PAULO   SP                                  00000000 000002
10288999222000133123400567890    00001                        000010010000000000000123                     I011001      21101500000001001000000000001N131215000000000000006671312150000000000100000000000000000000000000000100092271972493FABIO F S                               RUA QUALQUER LUGAR, S/N                 CENTRO      555553332 SAO PAULO   SP                                  00000000 000003
10288999222000133123400567890    00002                        000010020000000000000123                     I011002      22101500000001002000000000001N131215000000000000006681312150000000000200000000000000000000000000000100092271972493FABIO F S                               RUA QUALQUER LUGAR, S/N                 CENTRO      555553332 SAO PAULO   SP                                  00000000 000004
10288999222000133123400567890    00003                        000010030000000000000123                     I011003      23101500000001003000000000001N131215000000000000006691312150000000000300000000000000000000000000000100092271972493FABIO F S                               RUA QUALQUER LUGAR, S/N                 CENTRO      555553332 SAO PAULO   SP                                  00000000 000005
10288999222000133123400567890    00004                        000010040000000000000123                     I011004      24101500000001004000000000001N131215000000000000006691312150000000000400000000000000000000000000000100092271972493FABIO F S                               RUA QUALQUER LUGAR, S/N                 CENTRO      555553332 SAO PAULO   SP                                  00000000 000006
10288999222000133123400567890    00005                        000010050000000000000123                     I011005      25101500000001005000000000001N131215000000000000006701312150000000000500000000000000000000000000000100092271972493FABIO F S                               RUA QUALQUER LUGAR, S/N                 CENTRO      555553332 SAO PAULO   SP                                  00000000 000007
10288999222000133123400567890    00006                        000010060000000000000123                     I011006      26101500000001006000000000001N131215000000000000006711312150000000000600000000000000000000000000000100092271972493FABIO F S                               RUA QUALQUER LUGAR, S/N                 CENTRO      555553332 SAO PAULO   SP                                  00000000 000008
10288999222000133123400567890    00007                        000010070000000000000123                     I011007      27101500000001007000000000001N131215000000000000006711312150000000000700000000000000000000000000000100092271972493FABIO F S                               RUA QUALQUER LUGAR, S/N                 CENTRO      555553332 SAO PAULO   SP                                  00000000 000009
10288999222000133123400567890    00008                        000010080000000000000123                     I011008      28101500000001008000000000001N131215000000000000006721312150000000000800000000000000000000000000000100092271972493FABIO F S                               RUA QUALQUER LUGAR, S/N                 CENTRO      555553332 SAO PAULO   SP                                  00000000 000010
10288999222000133123400567890    00009                        000010090000000000000123                     I011009      29101500000001009000000000001N131215000000000000006731312150000000000900000000000000000000000000000100092271972493FABIO F S                               RUA QUALQUER LUGAR, S/N                 CENTRO      555553332 SAO PAULO   SP                                  00000000 000011
9                                                                                                                                                                                                                                                                                                                                                                                                         000012
